<?xml version="1.0" encoding="UTF-8"?><record xmlns="http://www.loc.gov/MARC21/slim" xmlns:cinclude="http://apache.org/cocoon/include/1.0" xmlns:zs="http://www.loc.gov/zing/srw/">
  <leader>00920cz  a2200169n  4500</leader>
  <controlfield tag="001">n  86849347 </controlfield>
  <controlfield tag="003">DLC</controlfield>
  <controlfield tag="005">20040201081636.0</controlfield>
  <controlfield tag="008">860902n| acannaabn          |a and      </controlfield>
  <datafield tag="010" ind1=" " ind2=" ">
    <subfield code="a">n  86849347 </subfield>
  </datafield>
  <datafield tag="035" ind1=" " ind2=" ">
    <subfield code="a">(OCoLC)oca01663819</subfield>
  </datafield>
  <datafield tag="040" ind1=" " ind2=" ">
    <subfield code="a">DLC</subfield>
    <subfield code="c">DLC</subfield>
    <subfield code="d">MiEM</subfield>
  </datafield>
  <datafield tag="110" ind1="2" ind2=" ">
    <subfield code="a">Central Upper Peninsula Planning and Development Regional Commission (Mich.)</subfield>
  </datafield>
  <datafield tag="410" ind1="2" ind2=" ">
    <subfield code="a">CUPPAD Regional Commission (Mich.)</subfield>
  </datafield>
  <datafield tag="670" ind1=" " ind2=" ">
    <subfield code="a">nuc86-79880: Its Central Upper Peninsula regional housing plan, 1977</subfield>
    <subfield code="b">(hdg. on Mi rept.: Central Upper Peninsula Planning and Development Regional Commission; usage: Central Upper Peninsula Planning and Development Regional Commission)</subfield>
  </datafield>
  <datafield tag="670" ind1=" " ind2=" ">
    <subfield code="a">Menominee County comprehensive plan, 2003:</subfield>
    <subfield code="b">t.p. (CUPPAD Regional Commission)</subfield>
  </datafield>
  <datafield tag="670" ind1=" " ind2=" ">
    <subfield code="a">E-mail from CUPPAD, Jan. 26, 2004</subfield>
    <subfield code="b">(CUPPAD stands for Central Upper Peninsula Planning and Development, one of 14 regional planning commissions in the state of Michigan)</subfield>
  </datafield>
</record>